@mastersthesis{baierThesis,
    author = {Uwe Baier},
    title = {{Linear-time Suffix Sorting}},
    school = {Ulm University},
    address = {Germany},
    year = {2015},
	url = {https://www.uni-ulm.de/fileadmin/website_uni_ulm/iui.inst.190/Mitarbeiter/baier/gsaca.pdf},
	note={{Zuletzt besucht im Februar 2017}}
}
@online{wikiSuffixArray,
	author = {Wikipedia},
	title = {{Suffix array}},
	url = {https://en.wikipedia.org/wiki/Suffix_array},
	note={{Zuletzt besucht im Februar 2017}}
}
@online{gsacaImplementation,
	author = {Uwe Baier},
	title = {{GSACA Referenzimplementation}},
	year = {2015},
	url = {https://github.com/waYne1337/gsaca},
	note={{Zuletzt besucht im Februar 2017}}
}
